@online{moen_u,
	title        = {U by Moen | Smart Shower},
	organization = {Moen Inc},
	year         = {2019},
	urldate      = {2019-05-17},
	url          = {https://www.moen.com/whats-new/innovation/u},
}

@online{livin,
	title        = {Livin Shower},
	organization = {Livin Life Inc},
	year         = {2018},
	urldate      = {2019-05-17},
	url          = {https://www.livinshower.com/},
}

@online{thermoelectricity,
	title        = {Seebeck Effect},
	organization = {NPTEL},
	year         = {2017},
	urldate      = {2019-05-26},
	url          = {https://nptel.ac.in/courses/122101002/downloads/lec-21.pdf},
}

@online{raspbian,
	title        = {Raspbian},
	organization = {Raspberry Pi Foundation},
	year         = {2019},
	urldate      = {2019-05-21},
	url          = {https://www.raspberrypi.org/downloads/raspbian/},
}

@online{login_form,
	title        = {JavaScript Login Form Validation},
	organization = {FormGet},
	year         = {2019},
	urldate      = {2019-05-25},
	url          = {https://www.formget.com/javascript-login-form/},
}

@online{living_alone,
	title        = {Demographics of living alone},
    authors      = {David de Vaus, Lixia Qu},
	organization = {Australian Institute of Family Studies},
	year         = {2015},
	urldate      = {2019-05-24},
	url          = {https://aifs.gov.au/publications/demographics-living-alone},
}

@online{smart_home,
	title        = {Smart Home - Australia},
	organization = {statista},
	year         = {2019},
	urldate      = {2019-05-27},
	url          = {https://www.statista.com/outlook/279/107/smart-home/australia},
}

@online{pump_power,
	title        = {Pump Power Calculation},
	organization = {Neutrium},
	year         = {2019},
	urldate      = {2019-05-27},
	url          = {https://neutrium.net/equipment/pump-power-calculation/},
}